# Alternatif manajemen daftar pustaka dengan \bibliography
# Keuntungannya adalah sitasi dapat langsung disalin dari web (contoh: scholar.google.com) dan format tampilan dapat diubah secara otomatis hanya dengan mengganti konfigurasi \bibliographystyle di thesis.tex https://www.sharelatex.com/learn/Bibtex_bibliography_styles

@article{hutchins2011killchain,
  title = {Intelligence-driven computer network defense informed by analysis of adversary campaigns and intrusion kill chains},
  author = {Hutchins, Eric M. and Cloppert, Michael J. and Amin, Rohan M.},
  journal = {Leading Issues in Information Warfare \& Security Research},
  year = {2011},
  publisher = {Academic Conferences International Limited},
  pages = {80--85}
}

@misc{powershell_c2,
  title = {PowerShell as a Post-exploitation Framework},
  author = {Lewis, Matt},
  year = {2016},
  howpublished = {\url{https://www.sans.org/posters/powershell-as-a-post-exploitation-framework/}},
  note = {Accessed: Dec. 17, 2024}
}

@misc{usb_attack_digispark,
  title = {USB Keystroke Injection using Digispark},
  author = {CyberSecurity Enthusiasts},
  year = {n.d.},
  howpublished = {\url{https://github.com/hak5darren/USB-Rubber-Ducky}},
  note = {Accessed: Dec. 17, 2024}
}

@article{gade2016cyberattacks,
  title = {Cyberattacks: A Growing Threat},
  author = {Gade, Pranav and Reddy, Vamshi},
  journal = {International Journal of Computer Applications},
  volume = {144},
  number = {1},
  pages = {33--37},
  year = {2016},
  publisher = {Foundation of Computer Science}
}

@misc{nist_framework,
  title = {Framework for Improving Critical Infrastructure Cybersecurity},
  author = {National Institute of Standards and Technology (NIST)},
  year = {2018},
  howpublished = {\url{https://www.nist.gov/cyberframework}},
  note = {Accessed: Dec. 17, 2024}
}

@misc{mitre_powershell,
  author       = "{MITRE ATT\&CK}",
  title        = "{Command and scripting interpreter: PowerShell}",
  year         = "2024",
  howpublished = "\url{https://attack.mitre.org/techniques/T1059/001/}",
  note         = "[Accessed: Dec. 20, 2024]"
}

@inproceedings{checkoway2011automotive,
  author    = {Stephen Checkoway and others},
  title     = {Comprehensive Experimental Analyses of Automotive Attack Surfaces},
  booktitle = {USENIX Security Symposium},
  year      = {2011}
}

@inproceedings{bailey2009survey,
  author    = {Michael Bailey and others},
  title     = {A Survey of Botnet Technology and Defenses},
  booktitle = {2009 Cybersecurity Applications \& Technology Conference for Homeland Security},
  pages     = {299--304},
  year      = {2009}
}

@inproceedings{latham2019digispark,
  author    = {David Latham},
  title     = {USB Rubber Ducky vs Digispark: Hardware Hacking with Microcontrollers},
  booktitle = {Black Hat USA},
  year      = {2019}
}

@misc{aws_s3,
  author       = "{Amazon Web Services}",
  title        = "{Amazon S3 Documentation}",
  howpublished = "\url{https://docs.aws.amazon.com/s3/}",
  note         = "[Accessed: Dec. 21, 2024]"
}

@misc{digikeyboard,
  title = {Digispark Arduino Integration: DigiKeyboard.h},
  author = {Digistump Team},
  year = {n.d.},
  howpublished = {\url{https://github.com/digistump/DigisparkArduinoIntegration/blob/master/libraries/DigisparkKeyboard/DigiKeyboard.h}},
  note = {Accessed: Dec. 20, 2024}
}

@misc{arduinoide_docs,
  title = {Arduino IDE Documentation},
  author = {Arduino},
  howpublished = {\url{https://www.arduino.cc/en/software}},
  note = {Accessed: Dec. 17, 2024}
}

